% ------------------------------------------------------------------------------------------ %
%                                         Referências                                        %
% ------------------------------------------------------------------------------------------ %

% ----------------------------------------- Artigos ---------------------------------------- %
@article{CSharp,
  author        = {Bill Wagner},
  title         = {A tour of the C{\#} language},
  journal       = {C{\#} Documentation},
  year          = {2022},
  volume        = {1},
  pages         = {1},
  month         = sep,
  publisher     = {Microsoft},
  url           = {https://learn.microsoft.com/en-us/dotnet/csharp/tour-of-csharp/},
  urlaccessdate = {25 out. 2022}
}

@article{UnicampIE,
  author        = {Renato Garcia, Wilson Suzigan},
  title         = {As Rela{\c c}{\~o}es Universidade-Empresa},
  year          = {2021},
  pages         = {1--2},
  month         = mar,
  issn          = {0103-9466},
  publisher     = {Unicamp},
  url           = {https://www.eco.unicamp.br/images/arquivos/artigos/TD/TD405.pdf},
  urlaccessdate = {31 out. 2022}
}

% ------------------------------------------ Livros ---------------------------------------- %
@book{CSharpDevelopment,
  title         = {C{\#} 8.0 and .NET Core 3.0},
  subtitle      = {Modern Cross-Platform Development},
  author        = {Mark J. Price},
  pages         = {7},
  isbn          = {9781788478120},
  url           = {https://alek772.github.io/Books/Csharp%208.0%20and%20.NET%20Core%203.0%20%E2%80%93%20Modern%20Cross-Platform%20Development%204th%20Edition.pdf},
  year          = {2019},
  publisher     = {Packt Publishing Ltd},
  urlaccessdate = {25 out. 2022}
}

@book{TheDockerBook,
  title         = {The Docker Book},
  author        = {James Turnbull},
  pages         = {8},
  isbn          = {9780988820203},
  url           = {http://lsi.vc.ehu.es/pablogn/docencia/manuales/The%20Docker%20Book.pdf},
  year          = {2014},
  publisher     = {James Turnbull},
  urlaccessdate = {25 out. 2022}
}

@book{RestApiBook,
  title         = {REST API Design Rulebook},
  author        = {Mark Mass{\'e}},
  pages         = {5},
  isbn          = {9781449310509},
  url           = {https://pepa.holla.cz/wp-content/uploads/2016/01/REST-API-Design-Rulebook.pdf},
  year          = {2012},
  publisher     = {O'Reilly Media Inc.},
  urlaccessdate = {26 out. 2022}
}

% ----------------------------------------- Livretos --------------------------------------- %


% --------------------------------------- Conferências ------------------------------------- %


% ------------------------------------- Partes de Livros ----------------------------------- %


% -------------------------------------- Incollections ------------------------------------- %


% -------------------------------------- Inproceedings ------------------------------------- %


% ----------------------------------------- Manuais ---------------------------------------- %
@manual{ManualOslo:1997,
  title         = {Manual de Oslo},
  author        = {OECD},
  organization  = {OECD},
  year          = {1997},
  url           = {http://www.finep.gov.br/images/apoio-e-financiamento/manualoslo.pdf},
  subtitle      = {{diretrizes para coleta e interpretação de dados sobre inova{\c c}{\~a}o}},
  urlaccessdate = {31 out. 2022}
}

% -------------------------------- Dissertassões de Mestrado ------------------------------- %


% ------------------------------------------- Misc ----------------------------------------- %
@misc{PostgreSQL,
  author        = {PostgreSQL},
  title         = {About PostgreSQL},
  howpublished  = {PostgreSQL},
  month         = out,
  year          = {2022},
  url           = {https://www.postgresql.org/about/},
  urlaccessdate = {23 out. 2022}
}

@misc{Amazon,
  author        = {Amazon},
  title         = {What is PostgreSQL?},
  howpublished  = {Amazon},
  month         = out,
  year          = {2022},
  url           = {https://aws.amazon.com/pt/rds/postgresql/what-is-postgresql/},
  urlaccessdate = {23 out. 2022}
}

@misc{Flutter,
  author        = {Flutter},
  title         = {Flutter},
  howpublished  = {Flutter},
  month         = out,
  year          = {2022},
  url           = {https://flutter.dev/},
  urlaccessdate = {23 out. 2022}
}

@misc{Dart,
  author        = {Dart},
  title         = {Dart},
  howpublished  = {Dart},
  month         = out,
  year          = {2022},
  url           = {https://dart.dev/},
  urlaccessdate = {23 out. 2022}
}

@misc{StatCounter,
  author        = {StatCounter},
  title         = {Mobile Operating System Market Share Brazil},
  howpublished  = {StatCounter},
  month         = Set,
  year          = {2022},
  url           = {https://gs.statcounter.com/os-market-share/mobile/brazil},
  urlaccessdate = {23 out. 2022}
}

@misc{Lattes,
  author        = {CNPq},
  title         = {Plataforma Lattes},
  howpublished  = {CNPq},
  month         = ago,
  year          = {1999},
  url           = {https://memoria.cnpq.br/web/portal-lattes/historico#:~:text=Assim%2C%20em%20agosto%20de%201999,Ci%C3%AAncia%20e%20Tecnologia%20e%20CNPq.},
  urlaccessdate = {25 out. 2022}
}

@misc{CnpqMemoria,
  author        = {CNPq},
  title         = {Portal da Memoria CNPQ},
  howpublished  = {CNPq},
  month         = ago,
  year          = {1999},
  url           = {http://memoria.cnpq.br/documents/313759/83395da6-f582-46bc-a308-060a6ec1ceaa},
  urlaccessdate = {12 dez. 2022}
}

% ------------------------------------ Teses de Doutorado ---------------------------------- %


% --------------------------------------- Deliberações ------------------------------------- %


% ----------------------------------- Relatórios Técnicos ---------------------------------- %


% -------------------------------------- Não Publicados ------------------------------------ %

